<record><leader>00000cas a22000007a 4500</leader><controlfield tag="001">47364675</controlfield><controlfield tag="008">010718c20019999cauwr n       0   c0rus c</controlfield><controlfield tag="009">467</controlfield><datafield ind1=" " ind2=" " tag="010"><subfield code="a">  2001211746</subfield></datafield><datafield ind1=" " ind2=" " tag="040"><subfield code="a">NSD</subfield><subfield code="b">eng</subfield><subfield code="c">NSD</subfield><subfield code="d">DLC</subfield><subfield code="d">NSD</subfield><subfield code="d">OCLCQ</subfield></datafield><datafield ind1=" " ind2=" " tag="012"><subfield code="l">r</subfield></datafield><datafield ind1="0" ind2=" " tag="022"><subfield code="a">1536-142X</subfield><subfield code="l">1536-142X</subfield><subfield code="2">1</subfield></datafield><datafield ind1="1" ind2=" " tag="029"><subfield code="a">AU@</subfield><subfield code="b">000022846579</subfield></datafield><datafield ind1=" " ind2=" " tag="037"><subfield code="b">Egoist, 6363 Wilshire Blvd., Suite 311, Los angeles, CA 90048</subfield></datafield><datafield ind1=" " ind2=" " tag="042"><subfield code="a">pcc</subfield><subfield code="a">nsdp</subfield></datafield><datafield ind1="1" ind2="0" tag="050"><subfield code="a">ISSN RECORD</subfield></datafield><datafield ind1="1" ind2="0" tag="082"><subfield code="a">070</subfield><subfield code="2">13</subfield></datafield><datafield ind1="0" ind2=" " tag="130"><subfield code="a">E&#775;goist (Los Angeles, Calif.)</subfield></datafield><datafield ind1="0" ind2=" " tag="210"><subfield code="a">E&#775;goist</subfield><subfield code="b">(Los Angel. Calif.)</subfield></datafield><datafield ind1=" " ind2="0" tag="222"><subfield code="a">E&#775;goist</subfield><subfield code="b">(Los Angeles, Calif.)</subfield></datafield><datafield ind1="0" ind2="0" tag="245"><subfield code="a">E&#775;goist.</subfield></datafield><datafield ind1=" " ind2=" " tag="260"><subfield code="a">Los Angeles, CA :</subfield><subfield code="b">US Legal Best, Inc.,</subfield><subfield code="c">[2001-</subfield></datafield><datafield ind1=" " ind2=" " tag="300"><subfield code="a">v. :</subfield><subfield code="b">ill. ;</subfield><subfield code="c">43 cm.</subfield></datafield><datafield ind1=" " ind2=" " tag="310"><subfield code="a">Weekly</subfield></datafield><datafield ind1="0" ind2=" " tag="362"><subfield code="a">7/1 (001)-</subfield></datafield><datafield ind1=" " ind2=" " tag="500"><subfield code="a">Title from caption.</subfield></datafield><datafield ind1=" " ind2=" " tag="546"><subfield code="a">In Cyrillic.</subfield></datafield></record>